<record><leader>00000cas a2200000 a 4500</leader><controlfield tag="001">15112508</controlfield><controlfield tag="008">870126d18891900inuwr ne      0    0eng c</controlfield><datafield ind1=" " ind2=" " tag="010"><subfield code="a">sn 87055098 </subfield></datafield><datafield ind1=" " ind2=" " tag="040"><subfield code="a">NPI</subfield><subfield code="b">eng</subfield><subfield code="c">NPI</subfield><subfield code="d">OCLCQ</subfield><subfield code="d">IUL</subfield><subfield code="d">OCLCO</subfield><subfield code="d">OCLCF</subfield><subfield code="d">IUL</subfield></datafield><datafield ind1=" " ind2=" " tag="042"><subfield code="a">msc</subfield></datafield><datafield ind1=" " ind2=" " tag="043"><subfield code="a">n-us-in</subfield></datafield><datafield ind1="0" ind2=" " tag="130"><subfield code="a">Rochester weekly Republican (Rochester, Ind. : 1889)</subfield></datafield><datafield ind1="1" ind2="0" tag="245"><subfield code="a">Rochester weekly Republican.</subfield></datafield><datafield ind1=" " ind2=" " tag="260"><subfield code="a">Rochester, Fulton County, Ind. :</subfield><subfield code="b">Major Bitters,</subfield><subfield code="c">1889-1900.</subfield></datafield><datafield ind1=" " ind2=" " tag="300"><subfield code="a">volumes</subfield></datafield><datafield ind1=" " ind2=" " tag="310"><subfield code="a">Weekly</subfield></datafield><datafield ind1="0" ind2=" " tag="362"><subfield code="a">Vol. 32, no. 3 (Feb. 7, 1889)-v. 45 (May 3, 1900).</subfield></datafield><datafield ind1=" " ind2=" " tag="515"><subfield code="a">Number designation dropped, &lt;Jan. 4, 1900&gt;</subfield></datafield><datafield ind1=" " ind2=" " tag="580"><subfield code="a">Also published in a daily ed. called: Rochester daily Republican.</subfield></datafield><datafield ind1=" " ind2="0" tag="651"><subfield code="a">Rochester (Ind.)</subfield><subfield code="v">Newspapers.</subfield></datafield><datafield ind1=" " ind2="0" tag="651"><subfield code="a">Fulton County (Ind.)</subfield><subfield code="v">Newspapers.</subfield></datafield><datafield ind1=" " ind2="7" tag="651"><subfield code="a">Indiana</subfield><subfield code="z">Fulton County.</subfield><subfield code="2">fast</subfield><subfield code="0">(OCoLC)fst01204173</subfield></datafield><datafield ind1=" " ind2="7" tag="651"><subfield code="a">Indiana</subfield><subfield code="z">Rochester.</subfield><subfield code="2">fast</subfield><subfield code="0">(OCoLC)fst01227015</subfield></datafield><datafield ind1=" " ind2="7" tag="655"><subfield code="a">Newspapers.</subfield><subfield code="2">fast</subfield><subfield code="0">(OCoLC)fst01423814</subfield></datafield><datafield ind1=" " ind2=" " tag="752"><subfield code="a">United States</subfield><subfield code="b">Indiana</subfield><subfield code="c">Fulton</subfield><subfield code="d">Rochester.</subfield></datafield><datafield ind1="1" ind2=" " tag="775"><subfield code="t">Rochester daily Republican (Rochester, Ind. : 1886)</subfield><subfield code="w">(DLC)sn 87055120</subfield><subfield code="w">(OCoLC)15112345</subfield></datafield><datafield ind1="0" ind2="0" tag="780"><subfield code="t">Rochester Republican (Rochester, Ind. : 1878)</subfield><subfield code="w">(DLC)sn 87055107</subfield><subfield code="w">(OCoLC)15112494</subfield></datafield><datafield ind1="0" ind2="5" tag="780"><subfield code="t">Rochester tribune (Rochester, Ind.)</subfield><subfield code="g">1891</subfield><subfield code="w">(DLC)sn 87055127</subfield><subfield code="w">(OCoLC)15106502</subfield></datafield><datafield ind1="0" ind2="0" tag="785"><subfield code="t">Rochester Republican (Rochester, Ind. : 1900)</subfield><subfield code="w">(DLC)sn 87055099</subfield><subfield code="w">(OCoLC)15112524</subfield></datafield></record>